@article{Dunlap99, author = "Dunlap JC", title="Molecular bases for circadian clocks", journal = "Cell", volume = "96", number = "2", pages = "271-290", year = "1999"}

@article{Bass10, author = "Bass J and Takahashi JS", title="Circadian Integration of Metabolism and Energetics", journal = "Science", volume = "330", number = "6009", pages = "1349-1354", year = "2010"}

@article{Zhang14, author = "Zhang R and Lahens NF and Ballance HI and Hughes ME and Hogenesch JB", title="A circadian gene expression atlas in mammals: Implications for biology and medicine", journal = "PNAS", volume = "111", number = "45", pages = "16219-16224", year = "2014"}

@article{Menet14, author = "Menet JS and Pescatore S and Rosbash M", title="CLOCK:BMAL1 is a pioneer-like transcription factor", journal = "Genes & Development", volume = "28", number = "1", pages = "8-13", year = "2014"}

@article{Mehra09, author = "Mehra A and Baker CL and Loros JJ and Dunlap JC", title="Post-translational modifications in circadian rhythms", journal = "Trends in Biochemical Sciences", volume = "34", number = "10", pages = "483-490", year = "2009"}

@article{Hughes10, author = "Hughes ME and Hogenesch JB and Kornacker K", title="{JTK\_CYCLE}: An Efficient Nonparametric Algorithm for Detecting Rhythmic Components in Genome-Scale Data Sets", journal = "Journal of Biological Rhythms", volume = "25", number = "5", pages = "372-380", year = "2010"}

@article{Whitfield02, author = "Whitfield ML and Sherlock G and Saldanha AJ, et al.", title="Identification of genes periodically expressed in the human cell cycle and their expression in tumors", journal="Mol Biol Cell" volume = "13", number = "6", pages = "1977-2000", year = "2002"}

@article{Levine02, author = "Levine JD and Funes P and Dowse HB and Hall JC", title="Signal analysis of behavioral and molecular cycles", journal="BMC Neuroscience" volume = "3", number = "1",  year = "2002"}

@article{Whichert03, author = "Wichert S and Fokianos K and Strimmer K", title="Identifying periodically expressed transcripts in microarray time series data", journal="Bioinformatics" volume = "20", number = "1", pages = "5-20", year = "2003"}

@article{Straume04, author = "Straume M", title="DNA microarray time series analysis: automated statistical assessment of circadian rhythms in gene expression patterning", journal="Meth Enzymol" volume = "383", pages = "149-166", year = "2004"}